@inproceedings{xia2021quantumfed,
  title={Quantumfed: A federated learning framework for collaborative quantum training},
  author={Xia, Qi and Li, Qun},
  booktitle={2021 IEEE Global Communications Conference (GLOBECOM)},
  pages={1--6},
  year={2021},
  organization={IEEE}
}

@inproceedings{yang2021decentralizing,
  title={Decentralizing feature extraction with quantum convolutional neural network for automatic speech recognition},
  author={Yang, Chao-Han Huck and Qi, Jun and Chen, Samuel Yen-Chi and Chen, Pin-Yu and Siniscalchi, Sabato Marco and Ma, Xiaoli and Lee, Chin-Hui},
  booktitle={ICASSP 2021-2021 IEEE International Conference on Acoustics, Speech and Signal Processing (ICASSP)},
  pages={6523--6527},
  year={2021},
  organization={IEEE}
}

@inproceedings{larasati2022quantumRemarks,
  title={Quantum Federated Learning: Remarks and Challenges},
  author={Larasati, Harashta Tatimma and Firdaus, Muhammad and Kim, Howon},
  booktitle={2022 IEEE 9th International Conference on Cyber Security and Cloud Computing (CSCloud)/2022 IEEE 8th International Conference on Edge Computing and Scalable Cloud (EdgeCom)},
  pages={1--5},
  year={2022},
  organization={IEEE}
}

@article{zhao2023nonQFLinf,
  title={Non-IID quantum federated learning with one-shot communication complexity},
  author={Zhao, Haimeng},
  journal={Quantum Machine Intelligence},
  volume={5},
  number={1},
  pages={3},
  year={2023},
  publisher={Springer}
}
@inproceedings{chehimi2022quantum,
  title={Quantum federated learning with quantum data},
  author={Chehimi, Mahdi and Saad, Walid},
  booktitle={ICASSP 2022-2022 IEEE International Conference on Acoustics, Speech and Signal Processing (ICASSP)},
  pages={8617--8621},
  year={2022},
  organization={IEEE}
}
%Survey papers

@incollection{pujahari2022quantum,
  title={Quantum federated learning for wireless communications},
  author={Pujahari, RM and Tanwar, Akshit},
  booktitle={Federated Learning for IoT Applications},
  pages={215--230},
  year={2022},
  publisher={Springer}
}
@article{chen2021federated,
  title={Federated quantum machine learning},
  author={Chen, Samuel Yen-Chi and Yoo, Shinjae},
  journal={Entropy},
  volume={23},
  number={4},
  pages={460},
  year={2021},
  publisher={MDPI}
}


@article{ren2023towards,
  title={Towards Quantum Federated Learning},
  author={Ren, Chao and Yu, Han and Yan, Rudai and Xu, Minrui and Shen, Yuan and Zhu, Huihui and Niyato, Dusit and Dong, Zhao Yang and Kwek, Leong Chuan},
  journal={arXiv preprint arXiv:2306.09912},
  year={2023}
}
